@article{albu,
  title={Emotion detection from tweets using a BERT and SVM ensemble model},
  author={Ionut-Alexandru ALBU, Stelian SPINU},
  year={2022},
}

@inproceedings{affectdetectionintexts,
  title={Affect detection in texts 13},
  author={C. Strapparava and R. Mihalcea},
  booktitle={The Oxford Handbook of Affective Computing},
  pages={184–216},
  year={2015},
}


@article{jiawenfuji,
  title={A Survey of Textual Emotion Recognition and Its Challenges},
  author={Jiawen Deng and Fuji Ren},
  year={2021}
}

@inproceedings{yadollahi,
    author = {A. Yadollahi, A. G. Shahraki, and O. R. Zaiane} ,
    title = {Current state of text sentiment analysis from opinion to emotion mining},
    booktitle = {ACM Comput. Surv., vol. 50, no. 2},
    pages={1–33}
    year = Jan. 2017
}

@inproceedings{cambria,https://www.overleaf.com/project/6515f4994cfa3daf0ae13951
    author = {E. Cambria},
    title = {Affective computing and sentiment analysis },
    booktitle = {IEEE Intell. Syst., vol. 31, no. 2},
    year = {Mar./Apr. 2016},
    pages={102-107}
}


@inproceedings{cheong,
    author = {M. Cheong and V. C. S. Lee},
    title = {A Microblogging-Based Approach to Terrorism Informatics: Exploration and Chronicling Civilian Sentiment and Response to Terrorism Events via Twitter} ,
    booktitle ={Information Systems Frontiers, vol. 13, no. 1} ,
    year = {Mar. 2011}
}

@inproceedings{ren,
    author =  {F. Ren, X. Kang, and C. Quan},
    title = {Examining accumulated emoional traits in suicide blogs with an emotion topic model},
    booktitle = {IEEE J. Biomed. Health Inform., vol. 20, no. 5},
    year = {Sep. 2016}
}


@inproceedings{ahmad,
    author = {Z. Ahmad, R. Jindal, A. Ekbal, and P. Bhattachharyya},
    title = {Borrow from rich cousin: Transfer learning for emotion detection using cross lingual embedding},
    booktitle = {Expert Syst. Appl., vol. 139},
    year = {Jan. 2020}
}

@article{wassa,
    author = {S. M. Mohammad and F. Bravo-Marquez},
    title = {WASSA-2017 Shared Task on Emotion Intensity},
    journal = {In Proc. of the 8th Workshop on Computational Approaches to Subjectivity, Sentiment and Social Media Analysis, Copenhagen, Denmark} ,
    pages = {34-49}
    year = {2017}
}

@article{wang,
    author = {W. Wang, L. Chen, K. Thirunarayan, and A. P. Sheth},
    title ={Harnessing Twitter ‘Big Data’ for Automatic Emotion Identification} ,
    journal = {In Proc. of the 2012 International Conference on Privacy, Security, Risk and Trust and 2012 International Conference on Social Computing},
    pages={587-592},
    year = 2012
}

@article{mohammad,
    author ={S. M. Mohammad},
    title = {Emotional Tweets},
    journal = {In Proc. of the First Joint Conference on Lexical and Computational Semantics - Volume 1: Proceedings of the Main Conference and the Shared Task, and Volume 2: Proceedings of the Sixth International Workshop on Semantic Evaluation},
    pages={246-255},
    year = {2012}
}

@inproceedings{ekman,
  title={An Argument for Basic Emotions, Cognition and Emotion},
  author={P. Ekman},
  pages={169-200},
  year={1992},
  doi={10.1080/02699939208411068}


@inproceedings{janssens,
    author = { O. Janssens, S. Verstockt, E. Mannens, S. Van Hoecke, and R. Van de Walle},
    title = {Influence of Weak Labels for Emotion Recognition of Tweets},
    booktitle = {In Prasath R., O’Reilly P., Kathirvalavakumar T. (Eds.), Mining Intelligence and Knowledge Exploration, Springer},
    pages={108-118},
    year = {2014}
}

@article{hochreiter,
    author = { Hochreiter S, Schmidhuber J},
    title = {Long short-term memory},
    journal = {Neural Comput 9(8)},
    pages = {1735-1780},
    year = {1997} 
}

@inproceedings{cho,
  title={Learning phrase representations using rnn encoder-decoder for statistical machine translation},
  author={Cho K, Van Merriënboer B, Gulcehre C, Bahdanau D, Bougares F, Schwenk H, Bengio Y },
  booktitle={Conference on Empirical Methods in Natural Language Processingf},
  year={2014},
  organization={EMNLP}
}

@inproceedings{kratzwald,
    author = {Kratzwald B, Ilić S, Kraus M, Feuerriegel S, Prendinger H},
    title = {Deep learning for affective computing: Text-based emotion recognition in decision support},
    booktitle = {Decision Support Syst 115},
    pages={24–35},
    year = {2018}
}

@inproceedings{chatterjee,
    author = {Chatterjee A, Gupta U, Chinnakotla MK, Srikanth R, Galley M, Agrawal P},
    title = {nderstanding emotions in text using deep learning and big data},
    booktitle = {Comput Human Behav 93},
    pages ={309–317},
    year = 2019
}
    
@inproceedings{xu,
    author = { Xu G, Li W, Liu J },
    title = {A social emotion classification approach using multi-model fusion},
    booktitle = {Future Generat Comput Syst 102},
    pages = {347-356},
    year = 2020
}
    
@inproceedings{hochreiter,
    author = {Hochreiter S},
    title = {The vanishing gradient problem during learning recurrent neural nets and problem solutions},
    booktitle = {Int J Uncertainty, Fuzziness Knowl-Based Syst 6(02)},
    pages={107-116},
    year = 1998
}

@inproceedings{devlin,
    author = {Devlin J, Chang M, Lee K, Toutanova K },
    title = {BERT: pre-training of deep bidirectional transformers
for language understanding},
    booktitle = {Association for Computational Linguistics},
    year = 2018
}

@inproceedings{radford,
    author = {Radford A, Narasimhan K, Salimans T, Sutskever I},
    title = {Improving language understanding by generative pre-training},
    year = 2018
}



@inproceedings{dai,
    author =  {Dai Z, Yang Z, Yang Y, Carbonell J, Le QV, Salakhutdinov R },
    title = {Transformer-xl: Attentive language models beyond a fixed-length context},
    booktitle = {Associat Comput Linguist},
    year = 2019
}

@inproceedings{prottasha,
    author = {Prottasha NJ, Sami AA, Kowsher M, Murad SA, Bairagi AK, Masud M, Baz M },
    title = {Transfer learning for sentiment analysis using bert based supervised fine-tuning},
    year = 2022
}

@inproceedings{koppel,
    author = {M. Koppel and J. Schler},
    title = {The Importance of Neutral Examples for Learning Sentiment},
    booktitle = {Computational Intelligence, vol. 22, no. 2},
    pages={100-109},
    year = 2006
}

@inproceedings{borovicka,
    author = {T. Borovicka, M. Jirina Jr., P. Kordik, and M. Jirina},
    title = {Selecting Representative Data Sets} ,
    booktitle = { In Karahoca A. (Ed.), Advances in Data Mining Knowledge Discovery and Applications, IntechOpen},
    year = 2012,
    pages={43-70}
}

